
@incollection{imageProcessing,
  title={Deep learning for medical image processing: Overview, challenges and the future},
  author={Razzak, Muhammad Imran and Naz, Saeeda and Zaib, Ahmad},
  booktitle={Classification in BioApps},
  pages={323--350},
  year={2018},
  publisher={Springer}
}

@misc{reginaMaria,
  title = {{Prostate Cancer}},
  howpublished = {\url{https://www.reginamaria.ro/articole-medicale/cancerul-de-prostata}},
  note = {Accessed: 2020-10-14}
}

@inproceedings{multiparametric,
  title={Prostate cancer diagnosis using deep learning with 3D multiparametric MRI},
  author={Liu, Saifeng and Zheng, Huaixiu and Feng, Yesu and Li, Wei},
  booktitle={Medical imaging 2017: computer-aided diagnosis},
  volume={10134},
  pages={1013428},
  year={2017},
  organization={International Society for Optics and Photonics}
}

@article{deepCNN,
  title={Prostate cancer Detection using Deep convolutional neural networks},
  author={Yoo, Sunghwan and Gujrathi, Isha and Haider, Masoom A and Khalvati, Farzad},
  journal={Scientific Reports},
  volume={9},
  year={2019},
  publisher={Nature Publishing Group}
}

@article{imagenetClassification,
  title={Imagenet classification with deep convolutional neural networks},
  author={Krizhevsky, Alex and Sutskever, Ilya and Hinton, Geoffrey E},
  journal={Communications of the ACM},
  volume={60},
  number={6},
  pages={84--90},
  year={2017},
  publisher={ACM New York, NY, USA}
}

@article{largeScaleImageRecognition,
  title={Very deep convolutional networks for large-scale image recognition},
  author={Simonyan, Karen and Zisserman, Andrew},
  journal={arXiv preprint arXiv:1409.1556},
  year={2014}
}

@inproceedings{semanticSegmentation,
  title={Fully convolutional networks for semantic segmentation},
  author={Long, Jonathan and Shelhamer, Evan and Darrell, Trevor},
  booktitle={Proceedings of the IEEE conference on computer vision and pattern recognition},
  pages={3431--3440},
  year={2015}
}

@article{zhang2015ensemble,
  title={Ensemble manifold regularized sparse low-rank approximation for multiview feature embedding},
  author={Zhang, Lefei and Zhang, Qian and Zhang, Liangpei and Tao, Dacheng and Huang, Xin and Du, Bo},
  journal={Pattern Recognition},
  volume={48},
  number={10},
  pages={3102--3112},
  year={2015},
  publisher={Elsevier}
}

@inproceedings{cheng2016active,
  title={Active appearance model and deep learning for more accurate prostate segmentation on MRI},
  author={Cheng, Ruida and Roth, Holger R and Lu, Le and Wang, Shijun and Turkbey, Baris and Gandler, William and McCreedy, Evan S and Agarwal, Harsh K and Choyke, Peter and Summers, Ronald M and others},
  booktitle={Medical Imaging 2016: Image Processing},
  volume={9784},
  pages={97842I},
  year={2016},
  organization={International Society for Optics and Photonics}
}

@inproceedings{chen2016dcan,
  title={DCAN: deep contour-aware networks for accurate gland segmentation},
  author={Chen, Hao and Qi, Xiaojuan and Yu, Lequan and Heng, Pheng-Ann},
  booktitle={Proceedings of the IEEE conference on Computer Vision and Pattern Recognition},
  pages={2487--2496},
  year={2016}
}

@inproceedings{sun2016computer,
  title={Computer aided lung cancer diagnosis with deep learning algorithms},
  author={Sun, Wenqing and Zheng, Bin and Qian, Wei},
  booktitle={Medical imaging 2016: computer-aided diagnosis},
  volume={9785},
  pages={97850Z},
  year={2016},
  organization={International Society for Optics and Photonics}
}

@article{deeplySupervisedCNN,
  title={Deeply-Supervised CNN for Prostate Segmentation},
  author={Qikui Zhu and Bo Du and Pingkun Yan and Baris Turkbey and Peter Choyke},
  journal={Scientific Reports},
  year={2017},
  publisher={Wuhan University}
}

@misc{dice,
  title = {{Sorensen-Dice coefficient}},
  howpublished = {\url{https://en.wikipedia.org/wiki/S%C3%B8rensen%E2%80%93Dice_coefficient}}
}

@misc{dataset,
  title = {{QIN-PROSTATE-Repeatability}},
  howpublished = {\url{https://wiki.cancerimagingarchive.net/display/Public/QIN-PROSTATE-Repeatabilit}}
}

@misc{react,
    title = {{React Documentation}},
    howpublished = {\url{https://reactjs.org}}
}

@misc{reactHooks,
    title = {{React Hooks Documentation}},
    howpublished = {\url{https://reactjs.org/docs/hooks-intro.html}}
}

@misc{Med3Web,
    title = {{Med3Web Documentation}},
    howpublished = {\url{https://github.com/epam/med3web}}
}